<record><leader>00000cas a22000007a 4500</leader><controlfield tag="001">22963221</controlfield><controlfield tag="007">hd afu---buca</controlfield><controlfield tag="008">910115d17841785ctucr nea     0   a0eng d</controlfield><datafield ind1=" " ind2=" " tag="010"><subfield code="a">sn 91025288 </subfield></datafield><datafield ind1=" " ind2=" " tag="040"><subfield code="a">TKN</subfield><subfield code="b">eng</subfield><subfield code="c">TKN</subfield><subfield code="d">HUL</subfield><subfield code="d">OCLCG</subfield><subfield code="d">BOS</subfield><subfield code="d">OCLCQ</subfield><subfield code="d">OCLCO</subfield><subfield code="d">OCLCF</subfield><subfield code="d">OCLCO</subfield></datafield><datafield ind1=" " ind2=" " tag="012"><subfield code="i">9103</subfield></datafield><datafield ind1="1" ind2=" " tag="029"><subfield code="a">AU@</subfield><subfield code="b">000020667280</subfield></datafield><datafield ind1=" " ind2=" " tag="042"><subfield code="a">msc</subfield></datafield><datafield ind1=" " ind2=" " tag="043"><subfield code="a">n-us-ny</subfield></datafield><datafield ind1=" " ind2="4" tag="050"><subfield code="a">AN38.N3</subfield><subfield code="b">N4374</subfield></datafield><datafield ind1="0" ind2="0" tag="245"><subfield code="a">Loudon's New-York packet</subfield><subfield code="h">[microform].</subfield></datafield><datafield ind1=" " ind2=" " tag="260"><subfield code="a">New York :</subfield><subfield code="b">Samuel Loudon,</subfield><subfield code="c">1784-1785.</subfield></datafield><datafield ind1=" " ind2=" " tag="300"><subfield code="a">53 no. ;</subfield><subfield code="c">49 cm.</subfield></datafield><datafield ind1=" " ind2=" " tag="310"><subfield code="a">Semiweekly</subfield></datafield><datafield ind1="0" ind2=" " tag="362"><subfield code="a">No. 436 (Nov. 11, 1784)-no. 488 (May 12, 1785).</subfield></datafield><datafield ind1=" " ind2=" " tag="500"><subfield code="a">Published Monday and Saturday.</subfield></datafield><datafield ind1=" " ind2=" " tag="500"><subfield code="a">References: Evans 18560; Brigham, C.S. Amer. newspapers, p. 675-677.</subfield></datafield><datafield ind1=" " ind2=" " tag="525"><subfield code="a">Supplements accompany some numbers.</subfield></datafield><datafield ind1=" " ind2=" " tag="533"><subfield code="a">Microfilm.</subfield><subfield code="b">New Canaan, Ct.:</subfield><subfield code="c">Readex Microprint Corp.</subfield><subfield code="e">2 microfilm reels ; 35 mm.</subfield><subfield code="f">(Early American newspapers).</subfield></datafield><datafield ind1=" " ind2="0" tag="651"><subfield code="a">New York (N.Y.)</subfield><subfield code="v">Newspapers.</subfield></datafield><datafield ind1=" " ind2="7" tag="655"><subfield code="a">Newspapers.</subfield><subfield code="2">fast</subfield><subfield code="0">(OCoLC)fst01423814</subfield></datafield><datafield ind1=" " ind2="7" tag="651"><subfield code="a">New York (State)</subfield><subfield code="z">New York.</subfield><subfield code="2">fast</subfield><subfield code="0">(OCoLC)fst01204333</subfield></datafield><datafield ind1="1" ind2=" " tag="700"><subfield code="a">Loudon, Samuel,</subfield><subfield code="d">1727?-1813.</subfield></datafield><datafield ind1=" " ind2=" " tag="752"><subfield code="a">United States</subfield><subfield code="b">New York</subfield><subfield code="c">New York</subfield><subfield code="d">New York.</subfield></datafield><datafield ind1="0" ind2="0" tag="780"><subfield code="t">New York packet, and the American advertiser</subfield><subfield code="w">(DLC)sn 91025289</subfield><subfield code="w">(OCoLC)22963147</subfield></datafield><datafield ind1="0" ind2="0" tag="785"><subfield code="t">New York packet (1785)</subfield><subfield code="w">(DLC)sn 91025272</subfield><subfield code="w">(OCoLC)22880883</subfield></datafield><datafield ind1=" " ind2="0" tag="830"><subfield code="a">Early American newspapers.</subfield></datafield><datafield ind1=" " ind2=" " tag="850"><subfield code="a">MH</subfield></datafield></record>